%% This BibTeX bibliography file was created using BibDesk.
%% http://bibdesk.sourceforge.net/


%% Created for fei at 2015-03-11 21:49:27 +0800 


%% Saved with string encoding Unicode (UTF-8) 



@incollection{borji2012salient,
	Author = {Borji, Ali and Sihite, Dicky N and Itti, Laurent},
	Booktitle = {Computer Vision--ECCV 2012},
	Date-Added = {2015-03-11 13:48:57 +0000},
	Date-Modified = {2015-03-11 13:48:57 +0000},
	Pages = {414--429},
	Publisher = {Springer},
	Title = {Salient object detection: A benchmark},
	Year = {2012}}
